<?xml version="1.0" encoding="UTF-8"?><collection xmlns="http://www.loc.gov/MARC21/slim"><record><leader>00473nam--2200181-i-4500</leader><controlfield tag="001">000034005</controlfield><controlfield tag="002">20161230</controlfield><controlfield tag="005">20161230201039</controlfield><controlfield tag="008">060222s1000------------r-----000-0-eng-d</controlfield><datafield ind1=" " ind2=" " tag="040"><subfield code="a">IFIN-HH</subfield></datafield><datafield ind1=" " ind2=" " tag="080"><subfield code="a">530.1</subfield></datafield><datafield ind1="1" ind2=" " tag="100"><subfield code="a">Menzel, Donald H</subfield></datafield><datafield ind1="1" ind2="0" tag="245"><subfield code="a">Mathematical physics</subfield><subfield code="c">Donald h. menzel</subfield></datafield><datafield ind1=" " ind2=" " tag="260"><subfield code="a">New York</subfield><subfield code="b">Prentice Hall</subfield><subfield code="c">1953</subfield></datafield><datafield ind1=" " ind2=" " tag="300"><subfield code="a">X+412P. CU FIG</subfield></datafield><datafield ind1=" " ind2=" " tag="490"><subfield code="a">Prentice Hall, Physics Series</subfield></datafield><datafield ind1=" " ind2=" " tag="852"><subfield code="a">12092</subfield><subfield code="c">53.02</subfield></datafield><datafield ind1=" " ind2=" " tag="CAT"><subfield code="a">Sys</subfield><subfield code="c">20151014</subfield><subfield code="h">135217</subfield></datafield></record></collection>